%YAML 1.1
%TAG !u! tag:unity3d.com,2011:
--- !u!1 &1725761747
GameObject:
  m_ObjectHideFlags: 0
  m_CorrespondingSourceObject: {fileID: 0}
  m_PrefabInstance: {fileID: 0}
  m_PrefabAsset: {fileID: 0}
  serializedVersion: 6
  m_Component:
  - component: {fileID: 1725761748}
  m_Layer: 0
  m_Name: body
  m_TagString: Untagged
  m_Icon: {fileID: 0}
  m_NavMeshLayer: 0
  m_StaticEditorFlags: 0
  m_IsActive: 1
--- !u!4 &1725761748
Transform:
  m_ObjectHideFlags: 0
  m_CorrespondingSourceObject: {fileID: 0}
  m_PrefabInstance: {fileID: 0}
  m_PrefabAsset: {fileID: 0}
  m_GameObject: {fileID: 1725761747}
  m_LocalRotation: {x: 0, y: 0, z: 0, w: 1}
  m_LocalPosition: {x: 0, y: 0, z: 0}
  m_LocalScale: {x: 1, y: 1, z: 1}
  m_Children:
  - {fileID: 6400319689433994462}
  m_Father: {fileID: 6080729282914152230}
  m_RootOrder: 4
  m_LocalEulerAnglesHint: {x: 0, y: 0, z: 0}
--- !u!1 &858780366841247829
GameObject:
  m_ObjectHideFlags: 0
  m_CorrespondingSourceObject: {fileID: 0}
  m_PrefabInstance: {fileID: 0}
  m_PrefabAsset: {fileID: 0}
  serializedVersion: 6
  m_Component:
  - component: {fileID: 7159664420134090238}
  m_Layer: 0
  m_Name: bubble_spawn
  m_TagString: Untagged
  m_Icon: {fileID: 0}
  m_NavMeshLayer: 0
  m_StaticEditorFlags: 0
  m_IsActive: 1
--- !u!4 &7159664420134090238
Transform:
  m_ObjectHideFlags: 0
  m_CorrespondingSourceObject: {fileID: 0}
  m_PrefabInstance: {fileID: 0}
  m_PrefabAsset: {fileID: 0}
  m_GameObject: {fileID: 858780366841247829}
  m_LocalRotation: {x: 0, y: 0, z: 0, w: 1}
  m_LocalPosition: {x: -0.27, y: 4.88, z: 0}
  m_LocalScale: {x: 1, y: 1, z: 1}
  m_Children: []
  m_Father: {fileID: 6080729282914152230}
  m_RootOrder: 5
  m_LocalEulerAnglesHint: {x: 0, y: 0, z: 0}
--- !u!1 &6080729282015229882
GameObject:
  m_ObjectHideFlags: 0
  m_CorrespondingSourceObject: {fileID: 0}
  m_PrefabInstance: {fileID: 0}
  m_PrefabAsset: {fileID: 0}
  serializedVersion: 6
  m_Component:
  - component: {fileID: 6080729282015229861}
  m_Layer: 0
  m_Name: LeftArmSlot
  m_TagString: Untagged
  m_Icon: {fileID: 0}
  m_NavMeshLayer: 0
  m_StaticEditorFlags: 0
  m_IsActive: 1
--- !u!4 &6080729282015229861
Transform:
  m_ObjectHideFlags: 0
  m_CorrespondingSourceObject: {fileID: 0}
  m_PrefabInstance: {fileID: 0}
  m_PrefabAsset: {fileID: 0}
  m_GameObject: {fileID: 6080729282015229882}
  m_LocalRotation: {x: 0, y: 0, z: 0, w: 1}
  m_LocalPosition: {x: -1.72, y: 2.08, z: 0}
  m_LocalScale: {x: 1, y: 1, z: 1}
  m_Children:
  - {fileID: 914679086517974134}
  m_Father: {fileID: 6080729282914152230}
  m_RootOrder: 1
  m_LocalEulerAnglesHint: {x: 0, y: 0, z: 0}
--- !u!1 &6080729282033736490
GameObject:
  m_ObjectHideFlags: 0
  m_CorrespondingSourceObject: {fileID: 0}
  m_PrefabInstance: {fileID: 0}
  m_PrefabAsset: {fileID: 0}
  serializedVersion: 6
  m_Component:
  - component: {fileID: 6080729282033736661}
  m_Layer: 0
  m_Name: RightArmSlot
  m_TagString: Untagged
  m_Icon: {fileID: 0}
  m_NavMeshLayer: 0
  m_StaticEditorFlags: 0
  m_IsActive: 1
--- !u!4 &6080729282033736661
Transform:
  m_ObjectHideFlags: 0
  m_CorrespondingSourceObject: {fileID: 0}
  m_PrefabInstance: {fileID: 0}
  m_PrefabAsset: {fileID: 0}
  m_GameObject: {fileID: 6080729282033736490}
  m_LocalRotation: {x: 0, y: 0, z: 0, w: 1}
  m_LocalPosition: {x: 0.9800005, y: 2.03, z: 0}
  m_LocalScale: {x: 1, y: 1, z: 1}
  m_Children:
  - {fileID: 914679084731392119}
  m_Father: {fileID: 6080729282914152230}
  m_RootOrder: 3
  m_LocalEulerAnglesHint: {x: 0, y: 0, z: 0}
--- !u!1 &6080729282545813535
GameObject:
  m_ObjectHideFlags: 0
  m_CorrespondingSourceObject: {fileID: 0}
  m_PrefabInstance: {fileID: 0}
  m_PrefabAsset: {fileID: 0}
  serializedVersion: 6
  m_Component:
  - component: {fileID: 6080729282545813534}
  m_Layer: 0
  m_Name: RightLegSlot
  m_TagString: Untagged
  m_Icon: {fileID: 0}
  m_NavMeshLayer: 0
  m_StaticEditorFlags: 0
  m_IsActive: 1
--- !u!4 &6080729282545813534
Transform:
  m_ObjectHideFlags: 0
  m_CorrespondingSourceObject: {fileID: 0}
  m_PrefabInstance: {fileID: 0}
  m_PrefabAsset: {fileID: 0}
  m_GameObject: {fileID: 6080729282545813535}
  m_LocalRotation: {x: 0, y: 0, z: 0, w: 1}
  m_LocalPosition: {x: 0.6000006, y: -0.53, z: 0}
  m_LocalScale: {x: 1, y: 1, z: 1}
  m_Children:
  - {fileID: 914679085145432283}
  m_Father: {fileID: 6080729282914152230}
  m_RootOrder: 2
  m_LocalEulerAnglesHint: {x: 0, y: 0, z: 0}
--- !u!1 &6080729282914152228
GameObject:
  m_ObjectHideFlags: 0
  m_CorrespondingSourceObject: {fileID: 0}
  m_PrefabInstance: {fileID: 0}
  m_PrefabAsset: {fileID: 0}
  serializedVersion: 6
  m_Component:
  - component: {fileID: 6080729282914152230}
  - component: {fileID: 1833867552}
  - component: {fileID: 1833867551}
  m_Layer: 0
  m_Name: Car_img
  m_TagString: Untagged
  m_Icon: {fileID: 0}
  m_NavMeshLayer: 0
  m_StaticEditorFlags: 0
  m_IsActive: 1
--- !u!4 &6080729282914152230
Transform:
  m_ObjectHideFlags: 0
  m_CorrespondingSourceObject: {fileID: 0}
  m_PrefabInstance: {fileID: 0}
  m_PrefabAsset: {fileID: 0}
  m_GameObject: {fileID: 6080729282914152228}
  m_LocalRotation: {x: 0, y: 0, z: 0, w: 1}
  m_LocalPosition: {x: 0, y: -1, z: 0}
  m_LocalScale: {x: 0.2, y: 0.2, z: 0.4}
  m_Children:
  - {fileID: 6080729283354992293}
  - {fileID: 6080729282015229861}
  - {fileID: 6080729282545813534}
  - {fileID: 6080729282033736661}
  - {fileID: 1725761748}
  - {fileID: 7159664420134090238}
  m_Father: {fileID: 0}
  m_RootOrder: 0
  m_LocalEulerAnglesHint: {x: 0, y: 0, z: 0}
--- !u!61 &1833867552
BoxCollider2D:
  m_ObjectHideFlags: 0
  m_CorrespondingSourceObject: {fileID: 0}
  m_PrefabInstance: {fileID: 0}
  m_PrefabAsset: {fileID: 0}
  m_GameObject: {fileID: 6080729282914152228}
  m_Enabled: 1
  m_Density: 1
  m_Material: {fileID: 0}
  m_IsTrigger: 1
  m_UsedByEffector: 0
  m_UsedByComposite: 0
  m_Offset: {x: -0.29, y: 2.68}
  m_SpriteTilingProperty:
    border: {x: 0, y: 0, z: 0, w: 0}
    pivot: {x: 0, y: 0}
    oldSize: {x: 0, y: 0}
    newSize: {x: 0, y: 0}
    adaptiveTilingThreshold: 0
    drawMode: 0
    adaptiveTiling: 0
  m_AutoTiling: 0
  serializedVersion: 2
  m_Size: {x: 10, y: 10}
  m_EdgeRadius: 0
--- !u!114 &1833867551
MonoBehaviour:
  m_ObjectHideFlags: 0
  m_CorrespondingSourceObject: {fileID: 0}
  m_PrefabInstance: {fileID: 0}
  m_PrefabAsset: {fileID: 0}
  m_GameObject: {fileID: 6080729282914152228}
  m_Enabled: 1
  m_EditorHideFlags: 0
  m_Script: {fileID: 11500000, guid: ebadc1ead744d864b94466550d0c4236, type: 3}
  m_Name: 
  m_EditorClassIdentifier: 
  bubble_talk: {fileID: 4475469743016922282, guid: cc469a5b595b31243b90a65ad6af554f,
    type: 3}
  dino: {fileID: 8545935228982212201, guid: 74ac616ce40610547986aa14b3fcc874, type: 3}
  car: {fileID: 6080729282914152231, guid: 7f066fe5c729e2f4b84c59abcecb969b, type: 3}
  robot: {fileID: 1284260391400179545, guid: 57adc687be2e2d24bac56bf05301bade, type: 3}
  bear: {fileID: 7920194033461286672, guid: 44c116bcbf4b4394fb04e68a6c226a14, type: 3}
--- !u!1 &6080729283354992314
GameObject:
  m_ObjectHideFlags: 0
  m_CorrespondingSourceObject: {fileID: 0}
  m_PrefabInstance: {fileID: 0}
  m_PrefabAsset: {fileID: 0}
  serializedVersion: 6
  m_Component:
  - component: {fileID: 6080729283354992293}
  m_Layer: 0
  m_Name: LeftLegSlot
  m_TagString: Untagged
  m_Icon: {fileID: 0}
  m_NavMeshLayer: 0
  m_StaticEditorFlags: 0
  m_IsActive: 1
--- !u!4 &6080729283354992293
Transform:
  m_ObjectHideFlags: 0
  m_CorrespondingSourceObject: {fileID: 0}
  m_PrefabInstance: {fileID: 0}
  m_PrefabAsset: {fileID: 0}
  m_GameObject: {fileID: 6080729283354992314}
  m_LocalRotation: {x: 0, y: 0, z: 0, w: 1}
  m_LocalPosition: {x: -1.03, y: -0.4, z: 0}
  m_LocalScale: {x: 1, y: 1, z: 1}
  m_Children:
  - {fileID: 914679085944270637}
  m_Father: {fileID: 6080729282914152230}
  m_RootOrder: 0
  m_LocalEulerAnglesHint: {x: 0, y: 0, z: 0}
--- !u!1001 &3500833249632340497
PrefabInstance:
  m_ObjectHideFlags: 0
  serializedVersion: 2
  m_Modification:
    m_TransformParent: {fileID: 6080729282545813534}
    m_Modifications:
    - target: {fileID: 4333837791945825913, guid: d8f944d340e40134286b0d6faa66872a,
        type: 3}
      propertyPath: dmg
      value: 40
      objectReference: {fileID: 0}
    - target: {fileID: 4333837793565665992, guid: d8f944d340e40134286b0d6faa66872a,
        type: 3}
      propertyPath: m_Name
      value: RightLeg
      objectReference: {fileID: 0}
    - target: {fileID: 4333837793565665994, guid: d8f944d340e40134286b0d6faa66872a,
        type: 3}
      propertyPath: m_LocalPosition.x
      value: 0.43
      objectReference: {fileID: 0}
    - target: {fileID: 4333837793565665994, guid: d8f944d340e40134286b0d6faa66872a,
        type: 3}
      propertyPath: m_LocalPosition.y
      value: -0.73
      objectReference: {fileID: 0}
    - target: {fileID: 4333837793565665994, guid: d8f944d340e40134286b0d6faa66872a,
        type: 3}
      propertyPath: m_LocalPosition.z
      value: 0
      objectReference: {fileID: 0}
    - target: {fileID: 4333837793565665994, guid: d8f944d340e40134286b0d6faa66872a,
        type: 3}
      propertyPath: m_LocalRotation.x
      value: -0
      objectReference: {fileID: 0}
    - target: {fileID: 4333837793565665994, guid: d8f944d340e40134286b0d6faa66872a,
        type: 3}
      propertyPath: m_LocalRotation.y
      value: -0
      objectReference: {fileID: 0}
    - target: {fileID: 4333837793565665994, guid: d8f944d340e40134286b0d6faa66872a,
        type: 3}
      propertyPath: m_LocalRotation.z
      value: -0
      objectReference: {fileID: 0}
    - target: {fileID: 4333837793565665994, guid: d8f944d340e40134286b0d6faa66872a,
        type: 3}
      propertyPath: m_LocalRotation.w
      value: 1
      objectReference: {fileID: 0}
    - target: {fileID: 4333837793565665994, guid: d8f944d340e40134286b0d6faa66872a,
        type: 3}
      propertyPath: m_RootOrder
      value: 0
      objectReference: {fileID: 0}
    - target: {fileID: 4333837793565665994, guid: d8f944d340e40134286b0d6faa66872a,
        type: 3}
      propertyPath: m_LocalEulerAnglesHint.x
      value: 0
      objectReference: {fileID: 0}
    - target: {fileID: 4333837793565665994, guid: d8f944d340e40134286b0d6faa66872a,
        type: 3}
      propertyPath: m_LocalEulerAnglesHint.y
      value: 0
      objectReference: {fileID: 0}
    - target: {fileID: 4333837793565665994, guid: d8f944d340e40134286b0d6faa66872a,
        type: 3}
      propertyPath: m_LocalEulerAnglesHint.z
      value: 0
      objectReference: {fileID: 0}
    - target: {fileID: 4333837793565665995, guid: d8f944d340e40134286b0d6faa66872a,
        type: 3}
      propertyPath: currentHp
      value: 100
      objectReference: {fileID: 0}
    - target: {fileID: 4333837793565665995, guid: d8f944d340e40134286b0d6faa66872a,
        type: 3}
      propertyPath: partType
      value: 0
      objectReference: {fileID: 0}
    - target: {fileID: 4333837793565665995, guid: d8f944d340e40134286b0d6faa66872a,
        type: 3}
      propertyPath: attackAnimName
      value: 
      objectReference: {fileID: 0}
    - target: {fileID: 4333837793565665995, guid: d8f944d340e40134286b0d6faa66872a,
        type: 3}
      propertyPath: attackType
      value: 0
      objectReference: {fileID: 0}
    - target: {fileID: 4333837793565665995, guid: d8f944d340e40134286b0d6faa66872a,
        type: 3}
      propertyPath: thumbnail
      value: 
      objectReference: {fileID: 0}
    - target: {fileID: 4333837793565665995, guid: d8f944d340e40134286b0d6faa66872a,
        type: 3}
      propertyPath: attack
      value: 
      objectReference: {fileID: 0}
    m_RemovedComponents:
    - {fileID: 4333837793565665995, guid: d8f944d340e40134286b0d6faa66872a, type: 3}
    - {fileID: 4333837793565665988, guid: d8f944d340e40134286b0d6faa66872a, type: 3}
  m_SourcePrefab: {fileID: 100100000, guid: d8f944d340e40134286b0d6faa66872a, type: 3}
--- !u!4 &914679085145432283 stripped
Transform:
  m_CorrespondingSourceObject: {fileID: 4333837793565665994, guid: d8f944d340e40134286b0d6faa66872a,
    type: 3}
  m_PrefabInstance: {fileID: 3500833249632340497}
  m_PrefabAsset: {fileID: 0}
--- !u!1001 &4999232135489608410
PrefabInstance:
  m_ObjectHideFlags: 0
  serializedVersion: 2
  m_Modification:
    m_TransformParent: {fileID: 1725761748}
    m_Modifications:
    - target: {fileID: 2139869508506324484, guid: ba63f135bf4b6eb41b10c37bb2d1498d,
        type: 3}
      propertyPath: m_LocalPosition.x
      value: -0.28
      objectReference: {fileID: 0}
    - target: {fileID: 2139869508506324484, guid: ba63f135bf4b6eb41b10c37bb2d1498d,
        type: 3}
      propertyPath: m_LocalPosition.y
      value: 1.25
      objectReference: {fileID: 0}
    - target: {fileID: 2139869508506324484, guid: ba63f135bf4b6eb41b10c37bb2d1498d,
        type: 3}
      propertyPath: m_LocalPosition.z
      value: 0
      objectReference: {fileID: 0}
    - target: {fileID: 2139869508506324484, guid: ba63f135bf4b6eb41b10c37bb2d1498d,
        type: 3}
      propertyPath: m_LocalRotation.x
      value: -0
      objectReference: {fileID: 0}
    - target: {fileID: 2139869508506324484, guid: ba63f135bf4b6eb41b10c37bb2d1498d,
        type: 3}
      propertyPath: m_LocalRotation.y
      value: -0
      objectReference: {fileID: 0}
    - target: {fileID: 2139869508506324484, guid: ba63f135bf4b6eb41b10c37bb2d1498d,
        type: 3}
      propertyPath: m_LocalRotation.z
      value: -0
      objectReference: {fileID: 0}
    - target: {fileID: 2139869508506324484, guid: ba63f135bf4b6eb41b10c37bb2d1498d,
        type: 3}
      propertyPath: m_LocalRotation.w
      value: 1
      objectReference: {fileID: 0}
    - target: {fileID: 2139869508506324484, guid: ba63f135bf4b6eb41b10c37bb2d1498d,
        type: 3}
      propertyPath: m_RootOrder
      value: 0
      objectReference: {fileID: 0}
    - target: {fileID: 2139869508506324484, guid: ba63f135bf4b6eb41b10c37bb2d1498d,
        type: 3}
      propertyPath: m_LocalEulerAnglesHint.x
      value: 0
      objectReference: {fileID: 0}
    - target: {fileID: 2139869508506324484, guid: ba63f135bf4b6eb41b10c37bb2d1498d,
        type: 3}
      propertyPath: m_LocalEulerAnglesHint.y
      value: 0
      objectReference: {fileID: 0}
    - target: {fileID: 2139869508506324484, guid: ba63f135bf4b6eb41b10c37bb2d1498d,
        type: 3}
      propertyPath: m_LocalEulerAnglesHint.z
      value: 0
      objectReference: {fileID: 0}
    - target: {fileID: 2139869508506324484, guid: ba63f135bf4b6eb41b10c37bb2d1498d,
        type: 3}
      propertyPath: m_LocalScale.x
      value: 0.6
      objectReference: {fileID: 0}
    - target: {fileID: 2139869508506324485, guid: ba63f135bf4b6eb41b10c37bb2d1498d,
        type: 3}
      propertyPath: m_Name
      value: Torso (boneca)
      objectReference: {fileID: 0}
    m_RemovedComponents: []
  m_SourcePrefab: {fileID: 100100000, guid: ba63f135bf4b6eb41b10c37bb2d1498d, type: 3}
--- !u!4 &6400319689433994462 stripped
Transform:
  m_CorrespondingSourceObject: {fileID: 2139869508506324484, guid: ba63f135bf4b6eb41b10c37bb2d1498d,
    type: 3}
  m_PrefabInstance: {fileID: 4999232135489608410}
  m_PrefabAsset: {fileID: 0}
--- !u!1001 &5424456015261982805
PrefabInstance:
  m_ObjectHideFlags: 0
  serializedVersion: 2
  m_Modification:
    m_TransformParent: {fileID: 6080729283354992293}
    m_Modifications:
    - target: {fileID: 5185364773223751468, guid: 887afba016b099344bde82d604970525,
        type: 3}
      propertyPath: dmg
      value: 40
      objectReference: {fileID: 0}
    - target: {fileID: 5185364773583458150, guid: 887afba016b099344bde82d604970525,
        type: 3}
      propertyPath: m_Name
      value: LeftLeg
      objectReference: {fileID: 0}
    - target: {fileID: 5185364773583458168, guid: 887afba016b099344bde82d604970525,
        type: 3}
      propertyPath: m_LocalPosition.x
      value: -0.53
      objectReference: {fileID: 0}
    - target: {fileID: 5185364773583458168, guid: 887afba016b099344bde82d604970525,
        type: 3}
      propertyPath: m_LocalPosition.y
      value: -0.8599999
      objectReference: {fileID: 0}
    - target: {fileID: 5185364773583458168, guid: 887afba016b099344bde82d604970525,
        type: 3}
      propertyPath: m_LocalPosition.z
      value: 0
      objectReference: {fileID: 0}
    - target: {fileID: 5185364773583458168, guid: 887afba016b099344bde82d604970525,
        type: 3}
      propertyPath: m_LocalRotation.x
      value: -0
      objectReference: {fileID: 0}
    - target: {fileID: 5185364773583458168, guid: 887afba016b099344bde82d604970525,
        type: 3}
      propertyPath: m_LocalRotation.y
      value: -0
      objectReference: {fileID: 0}
    - target: {fileID: 5185364773583458168, guid: 887afba016b099344bde82d604970525,
        type: 3}
      propertyPath: m_LocalRotation.z
      value: -0
      objectReference: {fileID: 0}
    - target: {fileID: 5185364773583458168, guid: 887afba016b099344bde82d604970525,
        type: 3}
      propertyPath: m_LocalRotation.w
      value: 1
      objectReference: {fileID: 0}
    - target: {fileID: 5185364773583458168, guid: 887afba016b099344bde82d604970525,
        type: 3}
      propertyPath: m_RootOrder
      value: 0
      objectReference: {fileID: 0}
    - target: {fileID: 5185364773583458168, guid: 887afba016b099344bde82d604970525,
        type: 3}
      propertyPath: m_LocalEulerAnglesHint.x
      value: 0
      objectReference: {fileID: 0}
    - target: {fileID: 5185364773583458168, guid: 887afba016b099344bde82d604970525,
        type: 3}
      propertyPath: m_LocalEulerAnglesHint.y
      value: 0
      objectReference: {fileID: 0}
    - target: {fileID: 5185364773583458168, guid: 887afba016b099344bde82d604970525,
        type: 3}
      propertyPath: m_LocalEulerAnglesHint.z
      value: 0
      objectReference: {fileID: 0}
    m_RemovedComponents: []
  m_SourcePrefab: {fileID: 100100000, guid: 887afba016b099344bde82d604970525, type: 3}
--- !u!4 &914679085944270637 stripped
Transform:
  m_CorrespondingSourceObject: {fileID: 5185364773583458168, guid: 887afba016b099344bde82d604970525,
    type: 3}
  m_PrefabInstance: {fileID: 5424456015261982805}
  m_PrefabAsset: {fileID: 0}
--- !u!1001 &6211053192914767177
PrefabInstance:
  m_ObjectHideFlags: 0
  serializedVersion: 2
  m_Modification:
    m_TransformParent: {fileID: 6080729282033736661}
    m_Modifications:
    - target: {fileID: 6522197631766719804, guid: 7d5b76ea281a4044193cdb81ccc76852,
        type: 3}
      propertyPath: m_Name
      value: RightArm
      objectReference: {fileID: 0}
    - target: {fileID: 6522197631766719806, guid: 7d5b76ea281a4044193cdb81ccc76852,
        type: 3}
      propertyPath: m_LocalPosition.x
      value: 0.89
      objectReference: {fileID: 0}
    - target: {fileID: 6522197631766719806, guid: 7d5b76ea281a4044193cdb81ccc76852,
        type: 3}
      propertyPath: m_LocalPosition.y
      value: -1.95
      objectReference: {fileID: 0}
    - target: {fileID: 6522197631766719806, guid: 7d5b76ea281a4044193cdb81ccc76852,
        type: 3}
      propertyPath: m_LocalPosition.z
      value: 0
      objectReference: {fileID: 0}
    - target: {fileID: 6522197631766719806, guid: 7d5b76ea281a4044193cdb81ccc76852,
        type: 3}
      propertyPath: m_LocalRotation.x
      value: -0
      objectReference: {fileID: 0}
    - target: {fileID: 6522197631766719806, guid: 7d5b76ea281a4044193cdb81ccc76852,
        type: 3}
      propertyPath: m_LocalRotation.y
      value: -0
      objectReference: {fileID: 0}
    - target: {fileID: 6522197631766719806, guid: 7d5b76ea281a4044193cdb81ccc76852,
        type: 3}
      propertyPath: m_LocalRotation.z
      value: -0
      objectReference: {fileID: 0}
    - target: {fileID: 6522197631766719806, guid: 7d5b76ea281a4044193cdb81ccc76852,
        type: 3}
      propertyPath: m_LocalRotation.w
      value: 1
      objectReference: {fileID: 0}
    - target: {fileID: 6522197631766719806, guid: 7d5b76ea281a4044193cdb81ccc76852,
        type: 3}
      propertyPath: m_RootOrder
      value: 0
      objectReference: {fileID: 0}
    - target: {fileID: 6522197631766719806, guid: 7d5b76ea281a4044193cdb81ccc76852,
        type: 3}
      propertyPath: m_LocalEulerAnglesHint.x
      value: 0
      objectReference: {fileID: 0}
    - target: {fileID: 6522197631766719806, guid: 7d5b76ea281a4044193cdb81ccc76852,
        type: 3}
      propertyPath: m_LocalEulerAnglesHint.y
      value: 0
      objectReference: {fileID: 0}
    - target: {fileID: 6522197631766719806, guid: 7d5b76ea281a4044193cdb81ccc76852,
        type: 3}
      propertyPath: m_LocalEulerAnglesHint.z
      value: 0
      objectReference: {fileID: 0}
    - target: {fileID: 6522197633055659136, guid: 7d5b76ea281a4044193cdb81ccc76852,
        type: 3}
      propertyPath: dmg
      value: 40
      objectReference: {fileID: 0}
    m_RemovedComponents:
    - {fileID: 6522197631766719807, guid: 7d5b76ea281a4044193cdb81ccc76852, type: 3}
    - {fileID: 6522197631766719800, guid: 7d5b76ea281a4044193cdb81ccc76852, type: 3}
  m_SourcePrefab: {fileID: 100100000, guid: 7d5b76ea281a4044193cdb81ccc76852, type: 3}
--- !u!4 &914679084731392119 stripped
Transform:
  m_CorrespondingSourceObject: {fileID: 6522197631766719806, guid: 7d5b76ea281a4044193cdb81ccc76852,
    type: 3}
  m_PrefabInstance: {fileID: 6211053192914767177}
  m_PrefabAsset: {fileID: 0}
--- !u!1001 &7238759939427750107
PrefabInstance:
  m_ObjectHideFlags: 0
  serializedVersion: 2
  m_Modification:
    m_TransformParent: {fileID: 6080729282015229861}
    m_Modifications:
    - target: {fileID: 7549345824577856685, guid: db61711bd84642645958ac7809d1fb24,
        type: 3}
      propertyPath: m_LocalPosition.x
      value: -0.56
      objectReference: {fileID: 0}
    - target: {fileID: 7549345824577856685, guid: db61711bd84642645958ac7809d1fb24,
        type: 3}
      propertyPath: m_LocalPosition.y
      value: -1.98
      objectReference: {fileID: 0}
    - target: {fileID: 7549345824577856685, guid: db61711bd84642645958ac7809d1fb24,
        type: 3}
      propertyPath: m_LocalPosition.z
      value: 0
      objectReference: {fileID: 0}
    - target: {fileID: 7549345824577856685, guid: db61711bd84642645958ac7809d1fb24,
        type: 3}
      propertyPath: m_LocalRotation.x
      value: -0
      objectReference: {fileID: 0}
    - target: {fileID: 7549345824577856685, guid: db61711bd84642645958ac7809d1fb24,
        type: 3}
      propertyPath: m_LocalRotation.y
      value: -0
      objectReference: {fileID: 0}
    - target: {fileID: 7549345824577856685, guid: db61711bd84642645958ac7809d1fb24,
        type: 3}
      propertyPath: m_LocalRotation.z
      value: -0
      objectReference: {fileID: 0}
    - target: {fileID: 7549345824577856685, guid: db61711bd84642645958ac7809d1fb24,
        type: 3}
      propertyPath: m_LocalRotation.w
      value: 1
      objectReference: {fileID: 0}
    - target: {fileID: 7549345824577856685, guid: db61711bd84642645958ac7809d1fb24,
        type: 3}
      propertyPath: m_RootOrder
      value: 0
      objectReference: {fileID: 0}
    - target: {fileID: 7549345824577856685, guid: db61711bd84642645958ac7809d1fb24,
        type: 3}
      propertyPath: m_LocalEulerAnglesHint.x
      value: 0
      objectReference: {fileID: 0}
    - target: {fileID: 7549345824577856685, guid: db61711bd84642645958ac7809d1fb24,
        type: 3}
      propertyPath: m_LocalEulerAnglesHint.y
      value: 0
      objectReference: {fileID: 0}
    - target: {fileID: 7549345824577856685, guid: db61711bd84642645958ac7809d1fb24,
        type: 3}
      propertyPath: m_LocalEulerAnglesHint.z
      value: 0
      objectReference: {fileID: 0}
    - target: {fileID: 7549345824577856687, guid: db61711bd84642645958ac7809d1fb24,
        type: 3}
      propertyPath: m_Name
      value: LeftArm
      objectReference: {fileID: 0}
    - target: {fileID: 7549345826026726353, guid: db61711bd84642645958ac7809d1fb24,
        type: 3}
      propertyPath: dmg
      value: 40
      objectReference: {fileID: 0}
    m_RemovedComponents:
    - {fileID: 7549345824577856686, guid: db61711bd84642645958ac7809d1fb24, type: 3}
    - {fileID: 7549345824577856683, guid: db61711bd84642645958ac7809d1fb24, type: 3}
  m_SourcePrefab: {fileID: 100100000, guid: db61711bd84642645958ac7809d1fb24, type: 3}
--- !u!4 &914679086517974134 stripped
Transform:
  m_CorrespondingSourceObject: {fileID: 7549345824577856685, guid: db61711bd84642645958ac7809d1fb24,
    type: 3}
  m_PrefabInstance: {fileID: 7238759939427750107}
  m_PrefabAsset: {fileID: 0}
