%YAML 1.1
%TAG !u! tag:unity3d.com,2011:
--- !u!1 &1284260391400179546
GameObject:
  m_ObjectHideFlags: 0
  m_CorrespondingSourceObject: {fileID: 0}
  m_PrefabInstance: {fileID: 0}
  m_PrefabAsset: {fileID: 0}
  serializedVersion: 6
  m_Component:
  - component: {fileID: 1284260391400179544}
  - component: {fileID: 1356198185}
  - component: {fileID: 1356198184}
  m_Layer: 0
  m_Name: Robot_img
  m_TagString: Untagged
  m_Icon: {fileID: 0}
  m_NavMeshLayer: 0
  m_StaticEditorFlags: 0
  m_IsActive: 1
--- !u!4 &1284260391400179544
Transform:
  m_ObjectHideFlags: 0
  m_CorrespondingSourceObject: {fileID: 0}
  m_PrefabInstance: {fileID: 0}
  m_PrefabAsset: {fileID: 0}
  m_GameObject: {fileID: 1284260391400179546}
  m_LocalRotation: {x: 0, y: 0, z: 0, w: 1}
  m_LocalPosition: {x: -1.9259365, y: -2.5950131, z: 0}
  m_LocalScale: {x: 0.2, y: 0.2, z: 0.4}
  m_Children:
  - {fileID: 1284260392035055323}
  - {fileID: 1284260392301731803}
  - {fileID: 1284260392844877920}
  - {fileID: 1284260392182848435}
  - {fileID: 1284260392281125803}
  - {fileID: 5021947982765351082}
  - {fileID: 7271621016008923591}
  m_Father: {fileID: 0}
  m_RootOrder: 0
  m_LocalEulerAnglesHint: {x: 0, y: 0, z: 0}
--- !u!61 &1356198185
BoxCollider2D:
  m_ObjectHideFlags: 0
  m_CorrespondingSourceObject: {fileID: 0}
  m_PrefabInstance: {fileID: 0}
  m_PrefabAsset: {fileID: 0}
  m_GameObject: {fileID: 1284260391400179546}
  m_Enabled: 1
  m_Density: 1
  m_Material: {fileID: 0}
  m_IsTrigger: 1
  m_UsedByEffector: 0
  m_UsedByComposite: 0
  m_Offset: {x: -0.42, y: 1.96}
  m_SpriteTilingProperty:
    border: {x: 0, y: 0, z: 0, w: 0}
    pivot: {x: 0, y: 0}
    oldSize: {x: 0, y: 0}
    newSize: {x: 0, y: 0}
    adaptiveTilingThreshold: 0
    drawMode: 0
    adaptiveTiling: 0
  m_AutoTiling: 0
  serializedVersion: 2
  m_Size: {x: 10, y: 10}
  m_EdgeRadius: 0
--- !u!114 &1356198184
MonoBehaviour:
  m_ObjectHideFlags: 0
  m_CorrespondingSourceObject: {fileID: 0}
  m_PrefabInstance: {fileID: 0}
  m_PrefabAsset: {fileID: 0}
  m_GameObject: {fileID: 1284260391400179546}
  m_Enabled: 1
  m_EditorHideFlags: 0
  m_Script: {fileID: 11500000, guid: ebadc1ead744d864b94466550d0c4236, type: 3}
  m_Name: 
  m_EditorClassIdentifier: 
  bubble_talk: {fileID: 4475469743016922282, guid: cc469a5b595b31243b90a65ad6af554f,
    type: 3}
  dino: {fileID: 8545935228982212201, guid: 74ac616ce40610547986aa14b3fcc874, type: 3}
  car: {fileID: 6080729282914152231, guid: 7f066fe5c729e2f4b84c59abcecb969b, type: 3}
  robot: {fileID: 1284260391400179545, guid: 57adc687be2e2d24bac56bf05301bade, type: 3}
  bear: {fileID: 7920194033461286672, guid: 44c116bcbf4b4394fb04e68a6c226a14, type: 3}
--- !u!1 &1284260392035055300
GameObject:
  m_ObjectHideFlags: 0
  m_CorrespondingSourceObject: {fileID: 0}
  m_PrefabInstance: {fileID: 0}
  m_PrefabAsset: {fileID: 0}
  serializedVersion: 6
  m_Component:
  - component: {fileID: 1284260392035055323}
  m_Layer: 0
  m_Name: LeftLegSlot
  m_TagString: Untagged
  m_Icon: {fileID: 0}
  m_NavMeshLayer: 0
  m_StaticEditorFlags: 0
  m_IsActive: 1
--- !u!4 &1284260392035055323
Transform:
  m_ObjectHideFlags: 0
  m_CorrespondingSourceObject: {fileID: 0}
  m_PrefabInstance: {fileID: 0}
  m_PrefabAsset: {fileID: 0}
  m_GameObject: {fileID: 1284260392035055300}
  m_LocalRotation: {x: 0, y: 0, z: 0, w: 1}
  m_LocalPosition: {x: -1.03, y: -0.4, z: 0}
  m_LocalScale: {x: 1, y: 1, z: 1}
  m_Children:
  - {fileID: 8825088355717275345}
  m_Father: {fileID: 1284260391400179544}
  m_RootOrder: 0
  m_LocalEulerAnglesHint: {x: 0, y: 0, z: 0}
--- !u!1 &1284260392182848444
GameObject:
  m_ObjectHideFlags: 0
  m_CorrespondingSourceObject: {fileID: 0}
  m_PrefabInstance: {fileID: 0}
  m_PrefabAsset: {fileID: 0}
  serializedVersion: 6
  m_Component:
  - component: {fileID: 1284260392182848435}
  - component: {fileID: 1284260392182848434}
  m_Layer: 0
  m_Name: head
  m_TagString: Untagged
  m_Icon: {fileID: 0}
  m_NavMeshLayer: 0
  m_StaticEditorFlags: 0
  m_IsActive: 1
--- !u!4 &1284260392182848435
Transform:
  m_ObjectHideFlags: 0
  m_CorrespondingSourceObject: {fileID: 0}
  m_PrefabInstance: {fileID: 0}
  m_PrefabAsset: {fileID: 0}
  m_GameObject: {fileID: 1284260392182848444}
  m_LocalRotation: {x: -0, y: -0, z: -0, w: 1}
  m_LocalPosition: {x: -0.25, y: 2.74, z: 0}
  m_LocalScale: {x: 0.5, y: 0.5, z: 1}
  m_Children: []
  m_Father: {fileID: 1284260391400179544}
  m_RootOrder: 3
  m_LocalEulerAnglesHint: {x: 0, y: 0, z: 0}
--- !u!212 &1284260392182848434
SpriteRenderer:
  m_ObjectHideFlags: 0
  m_CorrespondingSourceObject: {fileID: 0}
  m_PrefabInstance: {fileID: 0}
  m_PrefabAsset: {fileID: 0}
  m_GameObject: {fileID: 1284260392182848444}
  m_Enabled: 1
  m_CastShadows: 0
  m_ReceiveShadows: 0
  m_DynamicOccludee: 1
  m_MotionVectors: 1
  m_LightProbeUsage: 1
  m_ReflectionProbeUsage: 1
  m_RenderingLayerMask: 1
  m_RendererPriority: 0
  m_Materials:
  - {fileID: 10754, guid: 0000000000000000f000000000000000, type: 0}
  m_StaticBatchInfo:
    firstSubMesh: 0
    subMeshCount: 0
  m_StaticBatchRoot: {fileID: 0}
  m_ProbeAnchor: {fileID: 0}
  m_LightProbeVolumeOverride: {fileID: 0}
  m_ScaleInLightmap: 1
  m_PreserveUVs: 0
  m_IgnoreNormalsForChartDetection: 0
  m_ImportantGI: 0
  m_StitchLightmapSeams: 0
  m_SelectedEditorRenderState: 0
  m_MinimumChartSize: 4
  m_AutoUVMaxDistance: 0.5
  m_AutoUVMaxAngle: 89
  m_LightmapParameters: {fileID: 0}
  m_SortingLayerID: 0
  m_SortingLayer: 0
  m_SortingOrder: 11
  m_Sprite: {fileID: 21300000, guid: 2d4cc93099db40e4b8229662bca587c4, type: 3}
  m_Color: {r: 1, g: 1, b: 1, a: 1}
  m_FlipX: 0
  m_FlipY: 0
  m_DrawMode: 0
  m_Size: {x: 1.55, y: 1.47}
  m_AdaptiveModeThreshold: 0.5
  m_SpriteTileMode: 0
  m_WasSpriteAssigned: 1
  m_MaskInteraction: 0
  m_SpriteSortPoint: 0
--- !u!1 &1284260392281125716
GameObject:
  m_ObjectHideFlags: 0
  m_CorrespondingSourceObject: {fileID: 0}
  m_PrefabInstance: {fileID: 0}
  m_PrefabAsset: {fileID: 0}
  serializedVersion: 6
  m_Component:
  - component: {fileID: 1284260392281125803}
  m_Layer: 0
  m_Name: RightArmSlot
  m_TagString: Untagged
  m_Icon: {fileID: 0}
  m_NavMeshLayer: 0
  m_StaticEditorFlags: 0
  m_IsActive: 1
--- !u!4 &1284260392281125803
Transform:
  m_ObjectHideFlags: 0
  m_CorrespondingSourceObject: {fileID: 0}
  m_PrefabInstance: {fileID: 0}
  m_PrefabAsset: {fileID: 0}
  m_GameObject: {fileID: 1284260392281125716}
  m_LocalRotation: {x: 0, y: 0, z: 0, w: 1}
  m_LocalPosition: {x: 0.9800005, y: 2.03, z: 0}
  m_LocalScale: {x: 1, y: 1, z: 1}
  m_Children:
  - {fileID: 8825088356896330123}
  m_Father: {fileID: 1284260391400179544}
  m_RootOrder: 4
  m_LocalEulerAnglesHint: {x: 0, y: 0, z: 0}
--- !u!1 &1284260392301731780
GameObject:
  m_ObjectHideFlags: 0
  m_CorrespondingSourceObject: {fileID: 0}
  m_PrefabInstance: {fileID: 0}
  m_PrefabAsset: {fileID: 0}
  serializedVersion: 6
  m_Component:
  - component: {fileID: 1284260392301731803}
  m_Layer: 0
  m_Name: LeftArmSlot
  m_TagString: Untagged
  m_Icon: {fileID: 0}
  m_NavMeshLayer: 0
  m_StaticEditorFlags: 0
  m_IsActive: 1
--- !u!4 &1284260392301731803
Transform:
  m_ObjectHideFlags: 0
  m_CorrespondingSourceObject: {fileID: 0}
  m_PrefabInstance: {fileID: 0}
  m_PrefabAsset: {fileID: 0}
  m_GameObject: {fileID: 1284260392301731780}
  m_LocalRotation: {x: 0, y: 0, z: 0, w: 1}
  m_LocalPosition: {x: -1.72, y: 2.08, z: 0}
  m_LocalScale: {x: 1, y: 1, z: 1}
  m_Children:
  - {fileID: 8825088355209889162}
  m_Father: {fileID: 1284260391400179544}
  m_RootOrder: 1
  m_LocalEulerAnglesHint: {x: 0, y: 0, z: 0}
--- !u!1 &1284260392844877921
GameObject:
  m_ObjectHideFlags: 0
  m_CorrespondingSourceObject: {fileID: 0}
  m_PrefabInstance: {fileID: 0}
  m_PrefabAsset: {fileID: 0}
  serializedVersion: 6
  m_Component:
  - component: {fileID: 1284260392844877920}
  m_Layer: 0
  m_Name: RightLegSlot
  m_TagString: Untagged
  m_Icon: {fileID: 0}
  m_NavMeshLayer: 0
  m_StaticEditorFlags: 0
  m_IsActive: 1
--- !u!4 &1284260392844877920
Transform:
  m_ObjectHideFlags: 0
  m_CorrespondingSourceObject: {fileID: 0}
  m_PrefabInstance: {fileID: 0}
  m_PrefabAsset: {fileID: 0}
  m_GameObject: {fileID: 1284260392844877921}
  m_LocalRotation: {x: 0, y: 0, z: 0, w: 1}
  m_LocalPosition: {x: 0.6000006, y: -0.53, z: 0}
  m_LocalScale: {x: 1, y: 1, z: 1}
  m_Children:
  - {fileID: 8825088356511355175}
  m_Father: {fileID: 1284260391400179544}
  m_RootOrder: 2
  m_LocalEulerAnglesHint: {x: 0, y: 0, z: 0}
--- !u!1 &5021947982765351085
GameObject:
  m_ObjectHideFlags: 0
  m_CorrespondingSourceObject: {fileID: 0}
  m_PrefabInstance: {fileID: 0}
  m_PrefabAsset: {fileID: 0}
  serializedVersion: 6
  m_Component:
  - component: {fileID: 5021947982765351082}
  m_Layer: 0
  m_Name: body
  m_TagString: Untagged
  m_Icon: {fileID: 0}
  m_NavMeshLayer: 0
  m_StaticEditorFlags: 0
  m_IsActive: 1
--- !u!4 &5021947982765351082
Transform:
  m_ObjectHideFlags: 0
  m_CorrespondingSourceObject: {fileID: 0}
  m_PrefabInstance: {fileID: 0}
  m_PrefabAsset: {fileID: 0}
  m_GameObject: {fileID: 5021947982765351085}
  m_LocalRotation: {x: 0, y: 0, z: 0, w: 1}
  m_LocalPosition: {x: 0, y: 0, z: 0}
  m_LocalScale: {x: 1, y: 1, z: 1}
  m_Children:
  - {fileID: 2117549228083133600}
  m_Father: {fileID: 1284260391400179544}
  m_RootOrder: 5
  m_LocalEulerAnglesHint: {x: 0, y: 0, z: 0}
--- !u!1 &6851160356129620471
GameObject:
  m_ObjectHideFlags: 0
  m_CorrespondingSourceObject: {fileID: 0}
  m_PrefabInstance: {fileID: 0}
  m_PrefabAsset: {fileID: 0}
  serializedVersion: 6
  m_Component:
  - component: {fileID: 7271621016008923591}
  m_Layer: 0
  m_Name: bubble_spawn
  m_TagString: Untagged
  m_Icon: {fileID: 0}
  m_NavMeshLayer: 0
  m_StaticEditorFlags: 0
  m_IsActive: 1
--- !u!4 &7271621016008923591
Transform:
  m_ObjectHideFlags: 0
  m_CorrespondingSourceObject: {fileID: 0}
  m_PrefabInstance: {fileID: 0}
  m_PrefabAsset: {fileID: 0}
  m_GameObject: {fileID: 6851160356129620471}
  m_LocalRotation: {x: 0, y: 0, z: 0, w: 1}
  m_LocalPosition: {x: -0.33, y: 3.7, z: 0}
  m_LocalScale: {x: 1, y: 1, z: 1}
  m_Children: []
  m_Father: {fileID: 1284260391400179544}
  m_RootOrder: 6
  m_LocalEulerAnglesHint: {x: 0, y: 0, z: 0}
--- !u!1001 &58929660326163108
PrefabInstance:
  m_ObjectHideFlags: 0
  serializedVersion: 2
  m_Modification:
    m_TransformParent: {fileID: 5021947982765351082}
    m_Modifications:
    - target: {fileID: 2139869508506324484, guid: ba63f135bf4b6eb41b10c37bb2d1498d,
        type: 3}
      propertyPath: m_LocalPosition.x
      value: -0.28
      objectReference: {fileID: 0}
    - target: {fileID: 2139869508506324484, guid: ba63f135bf4b6eb41b10c37bb2d1498d,
        type: 3}
      propertyPath: m_LocalPosition.y
      value: 0.38
      objectReference: {fileID: 0}
    - target: {fileID: 2139869508506324484, guid: ba63f135bf4b6eb41b10c37bb2d1498d,
        type: 3}
      propertyPath: m_LocalPosition.z
      value: 0
      objectReference: {fileID: 0}
    - target: {fileID: 2139869508506324484, guid: ba63f135bf4b6eb41b10c37bb2d1498d,
        type: 3}
      propertyPath: m_LocalRotation.x
      value: -0
      objectReference: {fileID: 0}
    - target: {fileID: 2139869508506324484, guid: ba63f135bf4b6eb41b10c37bb2d1498d,
        type: 3}
      propertyPath: m_LocalRotation.y
      value: -0
      objectReference: {fileID: 0}
    - target: {fileID: 2139869508506324484, guid: ba63f135bf4b6eb41b10c37bb2d1498d,
        type: 3}
      propertyPath: m_LocalRotation.z
      value: -0
      objectReference: {fileID: 0}
    - target: {fileID: 2139869508506324484, guid: ba63f135bf4b6eb41b10c37bb2d1498d,
        type: 3}
      propertyPath: m_LocalRotation.w
      value: 1
      objectReference: {fileID: 0}
    - target: {fileID: 2139869508506324484, guid: ba63f135bf4b6eb41b10c37bb2d1498d,
        type: 3}
      propertyPath: m_RootOrder
      value: 0
      objectReference: {fileID: 0}
    - target: {fileID: 2139869508506324484, guid: ba63f135bf4b6eb41b10c37bb2d1498d,
        type: 3}
      propertyPath: m_LocalEulerAnglesHint.x
      value: 0
      objectReference: {fileID: 0}
    - target: {fileID: 2139869508506324484, guid: ba63f135bf4b6eb41b10c37bb2d1498d,
        type: 3}
      propertyPath: m_LocalEulerAnglesHint.y
      value: 0
      objectReference: {fileID: 0}
    - target: {fileID: 2139869508506324484, guid: ba63f135bf4b6eb41b10c37bb2d1498d,
        type: 3}
      propertyPath: m_LocalEulerAnglesHint.z
      value: 0
      objectReference: {fileID: 0}
    - target: {fileID: 2139869508506324485, guid: ba63f135bf4b6eb41b10c37bb2d1498d,
        type: 3}
      propertyPath: m_Name
      value: Torso (boneca)
      objectReference: {fileID: 0}
    - target: {fileID: 2139869508506324491, guid: ba63f135bf4b6eb41b10c37bb2d1498d,
        type: 3}
      propertyPath: m_Sprite
      value: 
      objectReference: {fileID: 21300000, guid: 325fe9d757481524b90f88209aecf49e,
        type: 3}
    m_RemovedComponents: []
  m_SourcePrefab: {fileID: 100100000, guid: ba63f135bf4b6eb41b10c37bb2d1498d, type: 3}
--- !u!4 &2117549228083133600 stripped
Transform:
  m_CorrespondingSourceObject: {fileID: 2139869508506324484, guid: ba63f135bf4b6eb41b10c37bb2d1498d,
    type: 3}
  m_PrefabInstance: {fileID: 58929660326163108}
  m_PrefabAsset: {fileID: 0}
--- !u!1001 &745385661036562038
PrefabInstance:
  m_ObjectHideFlags: 0
  serializedVersion: 2
  m_Modification:
    m_TransformParent: {fileID: 1284260392035055323}
    m_Modifications:
    - target: {fileID: 8079782452827510951, guid: 7ce037969a7ad1e48bbd92452df6188a,
        type: 3}
      propertyPath: m_LocalPosition.x
      value: -0.38
      objectReference: {fileID: 0}
    - target: {fileID: 8079782452827510951, guid: 7ce037969a7ad1e48bbd92452df6188a,
        type: 3}
      propertyPath: m_LocalPosition.y
      value: -1.39
      objectReference: {fileID: 0}
    - target: {fileID: 8079782452827510951, guid: 7ce037969a7ad1e48bbd92452df6188a,
        type: 3}
      propertyPath: m_LocalPosition.z
      value: 0
      objectReference: {fileID: 0}
    - target: {fileID: 8079782452827510951, guid: 7ce037969a7ad1e48bbd92452df6188a,
        type: 3}
      propertyPath: m_LocalRotation.x
      value: -0
      objectReference: {fileID: 0}
    - target: {fileID: 8079782452827510951, guid: 7ce037969a7ad1e48bbd92452df6188a,
        type: 3}
      propertyPath: m_LocalRotation.y
      value: -0
      objectReference: {fileID: 0}
    - target: {fileID: 8079782452827510951, guid: 7ce037969a7ad1e48bbd92452df6188a,
        type: 3}
      propertyPath: m_LocalRotation.z
      value: -0
      objectReference: {fileID: 0}
    - target: {fileID: 8079782452827510951, guid: 7ce037969a7ad1e48bbd92452df6188a,
        type: 3}
      propertyPath: m_LocalRotation.w
      value: 1
      objectReference: {fileID: 0}
    - target: {fileID: 8079782452827510951, guid: 7ce037969a7ad1e48bbd92452df6188a,
        type: 3}
      propertyPath: m_RootOrder
      value: 0
      objectReference: {fileID: 0}
    - target: {fileID: 8079782452827510951, guid: 7ce037969a7ad1e48bbd92452df6188a,
        type: 3}
      propertyPath: m_LocalEulerAnglesHint.x
      value: 0
      objectReference: {fileID: 0}
    - target: {fileID: 8079782452827510951, guid: 7ce037969a7ad1e48bbd92452df6188a,
        type: 3}
      propertyPath: m_LocalEulerAnglesHint.y
      value: 0
      objectReference: {fileID: 0}
    - target: {fileID: 8079782452827510951, guid: 7ce037969a7ad1e48bbd92452df6188a,
        type: 3}
      propertyPath: m_LocalEulerAnglesHint.z
      value: 0
      objectReference: {fileID: 0}
    - target: {fileID: 8079782452827510969, guid: 7ce037969a7ad1e48bbd92452df6188a,
        type: 3}
      propertyPath: m_Name
      value: LeftLeg
      objectReference: {fileID: 0}
    m_RemovedComponents: []
  m_SourcePrefab: {fileID: 100100000, guid: 7ce037969a7ad1e48bbd92452df6188a, type: 3}
--- !u!4 &8825088355717275345 stripped
Transform:
  m_CorrespondingSourceObject: {fileID: 8079782452827510951, guid: 7ce037969a7ad1e48bbd92452df6188a,
    type: 3}
  m_PrefabInstance: {fileID: 745385661036562038}
  m_PrefabAsset: {fileID: 0}
--- !u!1001 &892906677592825302
PrefabInstance:
  m_ObjectHideFlags: 0
  serializedVersion: 2
  m_Modification:
    m_TransformParent: {fileID: 1284260392301731803}
    m_Modifications:
    - target: {fileID: 8511028133536094300, guid: 06d35d20449232d49b98ca1084462be2,
        type: 3}
      propertyPath: m_LocalPosition.x
      value: -0.19
      objectReference: {fileID: 0}
    - target: {fileID: 8511028133536094300, guid: 06d35d20449232d49b98ca1084462be2,
        type: 3}
      propertyPath: m_LocalPosition.y
      value: -1.51
      objectReference: {fileID: 0}
    - target: {fileID: 8511028133536094300, guid: 06d35d20449232d49b98ca1084462be2,
        type: 3}
      propertyPath: m_LocalPosition.z
      value: 0
      objectReference: {fileID: 0}
    - target: {fileID: 8511028133536094300, guid: 06d35d20449232d49b98ca1084462be2,
        type: 3}
      propertyPath: m_LocalRotation.x
      value: -0
      objectReference: {fileID: 0}
    - target: {fileID: 8511028133536094300, guid: 06d35d20449232d49b98ca1084462be2,
        type: 3}
      propertyPath: m_LocalRotation.y
      value: -0
      objectReference: {fileID: 0}
    - target: {fileID: 8511028133536094300, guid: 06d35d20449232d49b98ca1084462be2,
        type: 3}
      propertyPath: m_LocalRotation.z
      value: -0
      objectReference: {fileID: 0}
    - target: {fileID: 8511028133536094300, guid: 06d35d20449232d49b98ca1084462be2,
        type: 3}
      propertyPath: m_LocalRotation.w
      value: 1
      objectReference: {fileID: 0}
    - target: {fileID: 8511028133536094300, guid: 06d35d20449232d49b98ca1084462be2,
        type: 3}
      propertyPath: m_RootOrder
      value: 0
      objectReference: {fileID: 0}
    - target: {fileID: 8511028133536094300, guid: 06d35d20449232d49b98ca1084462be2,
        type: 3}
      propertyPath: m_LocalEulerAnglesHint.x
      value: 0
      objectReference: {fileID: 0}
    - target: {fileID: 8511028133536094300, guid: 06d35d20449232d49b98ca1084462be2,
        type: 3}
      propertyPath: m_LocalEulerAnglesHint.y
      value: 0
      objectReference: {fileID: 0}
    - target: {fileID: 8511028133536094300, guid: 06d35d20449232d49b98ca1084462be2,
        type: 3}
      propertyPath: m_LocalEulerAnglesHint.z
      value: 0
      objectReference: {fileID: 0}
    - target: {fileID: 8511028133536094302, guid: 06d35d20449232d49b98ca1084462be2,
        type: 3}
      propertyPath: m_Name
      value: LeftArm
      objectReference: {fileID: 0}
    m_RemovedComponents: []
  m_SourcePrefab: {fileID: 100100000, guid: 06d35d20449232d49b98ca1084462be2, type: 3}
--- !u!4 &8825088355209889162 stripped
Transform:
  m_CorrespondingSourceObject: {fileID: 8511028133536094300, guid: 06d35d20449232d49b98ca1084462be2,
    type: 3}
  m_PrefabInstance: {fileID: 892906677592825302}
  m_PrefabAsset: {fileID: 0}
--- !u!1001 &6064088214903758412
PrefabInstance:
  m_ObjectHideFlags: 0
  serializedVersion: 2
  m_Modification:
    m_TransformParent: {fileID: 1284260392844877920}
    m_Modifications:
    - target: {fileID: 3341383952697069417, guid: eecba043a238a2c4fa050e91524f54a3,
        type: 3}
      propertyPath: m_Name
      value: RightLeg
      objectReference: {fileID: 0}
    - target: {fileID: 3341383952697069419, guid: eecba043a238a2c4fa050e91524f54a3,
        type: 3}
      propertyPath: m_LocalPosition.x
      value: 0.39
      objectReference: {fileID: 0}
    - target: {fileID: 3341383952697069419, guid: eecba043a238a2c4fa050e91524f54a3,
        type: 3}
      propertyPath: m_LocalPosition.y
      value: -1.2
      objectReference: {fileID: 0}
    - target: {fileID: 3341383952697069419, guid: eecba043a238a2c4fa050e91524f54a3,
        type: 3}
      propertyPath: m_LocalPosition.z
      value: 0
      objectReference: {fileID: 0}
    - target: {fileID: 3341383952697069419, guid: eecba043a238a2c4fa050e91524f54a3,
        type: 3}
      propertyPath: m_LocalRotation.x
      value: -0
      objectReference: {fileID: 0}
    - target: {fileID: 3341383952697069419, guid: eecba043a238a2c4fa050e91524f54a3,
        type: 3}
      propertyPath: m_LocalRotation.y
      value: -0
      objectReference: {fileID: 0}
    - target: {fileID: 3341383952697069419, guid: eecba043a238a2c4fa050e91524f54a3,
        type: 3}
      propertyPath: m_LocalRotation.z
      value: -0
      objectReference: {fileID: 0}
    - target: {fileID: 3341383952697069419, guid: eecba043a238a2c4fa050e91524f54a3,
        type: 3}
      propertyPath: m_LocalRotation.w
      value: 1
      objectReference: {fileID: 0}
    - target: {fileID: 3341383952697069419, guid: eecba043a238a2c4fa050e91524f54a3,
        type: 3}
      propertyPath: m_RootOrder
      value: 0
      objectReference: {fileID: 0}
    - target: {fileID: 3341383952697069419, guid: eecba043a238a2c4fa050e91524f54a3,
        type: 3}
      propertyPath: m_LocalEulerAnglesHint.x
      value: 0
      objectReference: {fileID: 0}
    - target: {fileID: 3341383952697069419, guid: eecba043a238a2c4fa050e91524f54a3,
        type: 3}
      propertyPath: m_LocalEulerAnglesHint.y
      value: 0
      objectReference: {fileID: 0}
    - target: {fileID: 3341383952697069419, guid: eecba043a238a2c4fa050e91524f54a3,
        type: 3}
      propertyPath: m_LocalEulerAnglesHint.z
      value: 0
      objectReference: {fileID: 0}
    m_RemovedComponents: []
  m_SourcePrefab: {fileID: 100100000, guid: eecba043a238a2c4fa050e91524f54a3, type: 3}
--- !u!4 &8825088356511355175 stripped
Transform:
  m_CorrespondingSourceObject: {fileID: 3341383952697069419, guid: eecba043a238a2c4fa050e91524f54a3,
    type: 3}
  m_PrefabInstance: {fileID: 6064088214903758412}
  m_PrefabAsset: {fileID: 0}
--- !u!1001 &8635685398064210771
PrefabInstance:
  m_ObjectHideFlags: 0
  serializedVersion: 2
  m_Modification:
    m_TransformParent: {fileID: 1284260392281125803}
    m_Modifications:
    - target: {fileID: 982098113665233624, guid: d8710bf4844d1f24594440c36edea64b,
        type: 3}
      propertyPath: m_LocalPosition.x
      value: 0.39
      objectReference: {fileID: 0}
    - target: {fileID: 982098113665233624, guid: d8710bf4844d1f24594440c36edea64b,
        type: 3}
      propertyPath: m_LocalPosition.y
      value: -1.42
      objectReference: {fileID: 0}
    - target: {fileID: 982098113665233624, guid: d8710bf4844d1f24594440c36edea64b,
        type: 3}
      propertyPath: m_LocalPosition.z
      value: 0
      objectReference: {fileID: 0}
    - target: {fileID: 982098113665233624, guid: d8710bf4844d1f24594440c36edea64b,
        type: 3}
      propertyPath: m_LocalRotation.x
      value: -0
      objectReference: {fileID: 0}
    - target: {fileID: 982098113665233624, guid: d8710bf4844d1f24594440c36edea64b,
        type: 3}
      propertyPath: m_LocalRotation.y
      value: -0
      objectReference: {fileID: 0}
    - target: {fileID: 982098113665233624, guid: d8710bf4844d1f24594440c36edea64b,
        type: 3}
      propertyPath: m_LocalRotation.z
      value: -0
      objectReference: {fileID: 0}
    - target: {fileID: 982098113665233624, guid: d8710bf4844d1f24594440c36edea64b,
        type: 3}
      propertyPath: m_LocalRotation.w
      value: 1
      objectReference: {fileID: 0}
    - target: {fileID: 982098113665233624, guid: d8710bf4844d1f24594440c36edea64b,
        type: 3}
      propertyPath: m_RootOrder
      value: 0
      objectReference: {fileID: 0}
    - target: {fileID: 982098113665233624, guid: d8710bf4844d1f24594440c36edea64b,
        type: 3}
      propertyPath: m_LocalEulerAnglesHint.x
      value: 0
      objectReference: {fileID: 0}
    - target: {fileID: 982098113665233624, guid: d8710bf4844d1f24594440c36edea64b,
        type: 3}
      propertyPath: m_LocalEulerAnglesHint.y
      value: 0
      objectReference: {fileID: 0}
    - target: {fileID: 982098113665233624, guid: d8710bf4844d1f24594440c36edea64b,
        type: 3}
      propertyPath: m_LocalEulerAnglesHint.z
      value: 0
      objectReference: {fileID: 0}
    - target: {fileID: 982098113665233626, guid: d8710bf4844d1f24594440c36edea64b,
        type: 3}
      propertyPath: m_Name
      value: RightArm
      objectReference: {fileID: 0}
    m_RemovedComponents: []
  m_SourcePrefab: {fileID: 100100000, guid: d8710bf4844d1f24594440c36edea64b, type: 3}
--- !u!4 &8825088356896330123 stripped
Transform:
  m_CorrespondingSourceObject: {fileID: 982098113665233624, guid: d8710bf4844d1f24594440c36edea64b,
    type: 3}
  m_PrefabInstance: {fileID: 8635685398064210771}
  m_PrefabAsset: {fileID: 0}
